% BibTeX database for the paper asme2e.tex

@book{latex,
	author	  =	"Calciu I., Mendes H., Herlihy M.",
	title	  =	"The Adaptive Priority Queue with Elimination and Combining",
	publisher = "Kuhn F. (eds) Distributed Computing Lecture Notes in Computer Science, vol 8784. Springer, Berlin, Heidelberg"
	year	  =	2014,
	address   =	"Reading,
MA"}